<?xml version="1.0" encoding="UTF-8"?><collection xmlns="http://www.loc.gov/MARC21/slim"><record><leader>00494nam--2200181-i-4500</leader><controlfield tag="001">000002715</controlfield><controlfield tag="002">20161230</controlfield><controlfield tag="005">20170114234329</controlfield><controlfield tag="008">060222s1000------------r-----000-0-eng-d</controlfield><datafield ind1=" " ind2=" " tag="040"><subfield code="a">IFIN-HH</subfield></datafield><datafield ind1=" " ind2=" " tag="080"><subfield code="a">535.42:539.125.5</subfield></datafield><datafield ind1="1" ind2=" " tag="100"><subfield code="a">Bacon, G. E</subfield></datafield><datafield ind1="1" ind2="0" tag="245"><subfield code="a">Neutron diffraction</subfield><subfield code="c">G.E. Bacon</subfield></datafield><datafield ind1=" " ind2=" " tag="260"><subfield code="a">Oxford</subfield><subfield code="b">The Clarendon Press</subfield><subfield code="c">1955</subfield></datafield><datafield ind1=" " ind2=" " tag="300"><subfield code="a">IX + 299 p</subfield></datafield><datafield ind1=" " ind2=" " tag="490"><subfield code="a">Monofraphs On The Physics And Chemistry Ofaterials</subfield></datafield><datafield ind1=" " ind2=" " tag="852"><subfield code="a">10488</subfield><subfield code="c">539.12</subfield></datafield><datafield ind1=" " ind2=" " tag="CAT"><subfield code="a">SYS</subfield><subfield code="c">20170114</subfield><subfield code="h">234329</subfield></datafield></record></collection>